@book{griffiths2015introduction,
  title={An introduction to genetic analysis},
  author={Griffiths, Anthony JF and Wessler, Susan R and Carroll, Sean B and John, Doebley and others},
  year={2015},
  publisher={Macmillan}
}

@book{singh2018fundamentals,
  title={Fundamentals of Genetics},
  author={Singh, BD},
  year={2018},
  publisher={Kalyani Publishers}
}

@book{brown2014plantbreeding,
  title={Plant Breeding},
  author={Brown, Jack and Caligari, Peter and Campos, Hugo},
  year={2014},
  publisher={Wiley Blackwell}
}

@book{klug2019concepts,
  title={Concepts of genetics},
  author={Klug, William S and Cummings, Michael R and Spencer, Charlotte A and Palladino, Michael A and Killian, Darrell},
  year={2019}
}

@book{van2016integrating,
  title={Integrating biological control into conservation practice},
  author={Van Driesche, Roy and Simberloff, Daniel and Blossey, Bernd and Causton, Charlotte and Hoddle, Mark and Marks, Christian O and Heinz, Kevin M and Wagner, David L and Warner, Keith D},
  year={2016},
  publisher={John Wiley \& Sons}
}

@article{bartaula2019mapping,
  title={Mapping non-host resistance to the stem rust pathogen in an interspecific barberry hybrid},
  author={Bartaula, Radhika and Melo, Arthur TO and Kingan, Sarah and Jin, Yue and Hale, Iago},
  journal={BMC plant biology},
  volume={19},
  number={1},
  pages={1--17},
  year={2019},
  publisher={BioMed Central}
}

@article{ceresini2018wheat,
  title={Wheat blast: past, present, and future},
  author={Ceresini, Paulo Cezar and Castroagudin, Vanina Lilian and Rodrigues, Fabricio Avila and Rios, Jonas Alberto and Eduardo Aucique-P{\'e}rez, Carlos and Moreira, Silvino Intra and Alves, Eduardo and Croll, Daniel and Maciel, Joao Leodato Nunes},
  journal={Annual Review of Phytopathology},
  volume={56},
  pages={427--456},
  year={2018},
  publisher={Annual Reviews}
}

@article{eseola2021investigating,
  title={Investigating the cell and developmental biology of plant infection by the rice blast fungus Magnaporthe oryzae},
  author={Eseola, Alice Bisola and Ryder, Lauren S and Os{\'e}s-Ruiz, M{\'\i}riam and Findlay, Kim and Yan, Xia and Cruz-Mireles, Neftaly and Molinari, Camilla and Gardu{\~n}o-Rosales, Marisela and Talbot, Nicholas J},
  journal={Fungal Genetics and Biology},
  volume={154},
  pages={103562},
  year={2021},
  publisher={Elsevier}
}

@article{liang2021tangeretin,
  title={Tangeretin inhibits fungal ferroptosis to suppress rice blast},
  author={Liang, Meiling and Ye, Huijuan and Shen, Qing and Jiang, Xianya and Cui, Guobing and Gu, Wenxiang and Zhang, Lian-Hui and Naqvi, Naweed I and Deng, Yi Zhen},
  journal={Journal of Integrative Plant Biology},
  volume={63},
  number={12},
  pages={2136--2149},
  year={2021},
  publisher={Wiley Online Library}
}

@book{vanderplank2012disease,
  title={Disease resistance in plants},
  author={Vanderplank, James Edward},
  year={2012},
  publisher={Elsevier}
}

@article{simonds1985plant,
  title={A plant breeder's perspective of durable resistance},
  author={Simonds, NW},
  year={1985}
}

@article{van2020genetic,
  title={Genetic modification to improve disease resistance in crops},
  author={Van Esse, H Peter and Reuber, T Lynne and van der Does, Dieuwertje},
  journal={New Phytologist},
  volume={225},
  number={1},
  pages={70--86},
  year={2020},
  publisher={Wiley Online Library}
}

@article{hulbert1997genetic,
  title={Genetic fine structure of resistance loci.},
  author={Hulbert, S and Pryor, T and Hu, GongShe and Richter, T and Drake, J and others},
  journal={The gene-for-gene relationship in plant-parasite interactions.},
  pages={27--43},
  year={1997},
  publisher={CAB international}
}

@article{newton1997cultivar,
  title={Cultivar mixtures in intensive agriculture.},
  author={Newton, AC and others},
  journal={The gene-for-gene relationship in plant-parasite interactions.},
  pages={65--80},
  year={1997},
  publisher={CAB INTERNATIONAL}
}

@article{flor1956complementary,
  title={The complementary genic systems in flax and flax rust},
  author={Flor, HH},
  journal={Advances in genetics},
  volume={8},
  pages={29--54},
  year={1956},
  publisher={Elsevier}
}

@book{reddy2017agro,
  title={Agro-ecological approaches to pest management for sustainable agriculture},
  author={Reddy, P Parvatha},
  year={2017},
  publisher={Springer}
}

@article{ye2010marker,
  title={Marker-assisted gene pyramiding in cultivar development.},
  author={Ye, Guoyou and Smith, Kevin F and others},
  journal={Molecular plant breeding: principle, method and application},
  pages={321--342},
  year={2010},
  publisher={Studium Press LLC}
}

@article{nelson2018navigating,
  title={Navigating complexity to breed disease-resistant crops},
  author={Nelson, Rebecca and Wiesner-Hanks, Tyr and Wisser, Randall and Balint-Kurti, Peter},
  journal={Nature Reviews Genetics},
  volume={19},
  number={1},
  pages={21--33},
  year={2018},
  publisher={Nature Publishing Group}
}

@article{hulbert2001resistance,
  title={Resistance gene complexes: evolution and utilization},
  author={Hulbert, Scot H and Webb, Craig A and Smith, Shavannor M and Sun, Qing},
  journal={Annual review of phytopathology},
  volume={39},
  pages={285},
  year={2001},
  publisher={Annual Reviews, Inc.}
}

@article{leach2001pathogen,
  title={Pathogen fitness penalty as a predictor of durability of disease resistance genes},
  author={Leach, Jan E and Vera Cruz, Casiana M and Bai, Jianfa and Leung, Hei},
  journal={Annual review of phytopathology},
  volume={39},
  number={1},
  pages={187--224},
  year={2001},
  publisher={Annual Reviews 4139 El Camino Way, PO Box 10139, Palo Alto, CA 94303-0139, USA}
}